<?xml version="1.0" encoding="UTF-8"?><collection xmlns="http://www.loc.gov/MARC21/slim"><record><leader>00574nam--2200193-u-4500</leader><controlfield tag="001">000053489</controlfield><controlfield tag="002">20161230</controlfield><controlfield tag="005">20161230201051</controlfield><controlfield tag="008">110408s1000------------r-----000-0-rum-d</controlfield><datafield ind1=" " ind2=" " tag="040"><subfield code="a">IFIN-HH</subfield></datafield><datafield ind1=" " ind2=" " tag="041"><subfield code="a">rum</subfield></datafield><datafield ind1=" " ind2=" " tag="080"><subfield code="a">550.334.03(043)</subfield></datafield><datafield ind1="1" ind2=" " tag="100"><subfield code="a">Rizescu, Mihaela</subfield></datafield><datafield ind1="1" ind2="0" tag="245"><subfield code="a">Sistem complet automat pentru achizitia, prelucrarea si transmiterea datelor seismologice</subfield><subfield code="b">Teza</subfield><subfield code="c">Mihaela rizescu</subfield></datafield><datafield ind1=" " ind2=" " tag="260"><subfield code="a">Bucuresti</subfield><subfield code="b">Ifa</subfield><subfield code="c">1998</subfield></datafield><datafield ind1=" " ind2=" " tag="300"><subfield code="a">219P</subfield></datafield><datafield ind1=" " ind2=" " tag="502"><subfield code="a">Conducator Stiintific: Dr.Doc. Dumitru Enescu</subfield></datafield><datafield ind1=" " ind2=" " tag="852"><subfield code="a">80945</subfield><subfield code="c">550.3</subfield></datafield><datafield ind1=" " ind2=" " tag="CAT"><subfield code="a">Sys</subfield><subfield code="c">20110408</subfield><subfield code="h">094445</subfield></datafield></record></collection>